% This file was created with Citavi 5.7.1.0

@book{Evans.2011,
 author = {Evans, Eric},
 year = {2011},
 title = {Domain-driven design: Tackling complexity in the heart of software},
 address = {Upper Saddle River, NJ},
 publisher = {Addison-Wesley},
 isbn = {9780321125217}
}


@book{Vernon.2015,
 author = {Vernon, Vaughn},
 year = {2015},
 title = {Implementing domain-driven design},
 address = {Upper Saddle River, NJ},
 edition = {Fourth printing},
 publisher = {Addison-Wesley},
 isbn = {9780321834577}
}


